@article{einstein,
    author =       "Albert Einstein",
    title =        "{Zur Elektrodynamik bewegter K{\"o}rper}",
    journal =      "Annalen der Physik",
    volume =       "322",
    number =       "",
    pages =        "891-921",
    year =         "1905",
    DOI =          "http://dx.doi.org/10.1002/andp.19053221004"
}

%@inbook{REFERENSNAMN1,
%    author = "",
%    title = "",
%    publisher = "",
%    year = "",
%    chapter = "",
%    pages = ""
%}

%@misc{REFERENSNAMN2,
%	url = "",
%	AUTHOR = "",
%	TITLE = "",
%	MONTH = "",
%	YEAR = "",
%	NOTE = "Accessed on YYYY-MM-DD"
%}